/Users/mnott/Cloud/Studium/MBA/Papers/Bibliography.bib